@book{fu_handbook_2015,
	author = {Fu, C and Fu, C and Michael, Michael},
	file = {Fu et al. - 2015 - Handbook of simulation optimization.pdf:/Users/witoldtenhove/Zotero/storage/YKJY84IK/Fu et al. - 2015 - Handbook of simulation optimization.pdf:application/pdf},
	publisher = {Springer},
	title = {Handbook of simulation optimization},
	year = {2015}}
	

@misc{chris_mack_lecture73_2016,
	author = {{Chris Mack}},
	month = nov,
	title = {Lecture73 ({Data2Decision}) {Response} {Surface} {Modeling} in {R}},
	url = {https://www.youtube.com/watch?v=s5QWxvLsgLA},
	urldate = {2022-08-25},
	year = {2016},
	bdsk-url-1 = {https://www.youtube.com/watch?v=s5QWxvLsgLA}}


@article{ala2022,
	title = {Appointment Scheduling Problem in Complexity Systems of the Healthcare Services: A Comprehensive Review},
	author = {Ala, Ali and Chen, Feng},
	editor = {Jafarzadeh Ghoushchi, Saeid},
	year = {2022},
	month = {03},
	date = {2022-03-03},
	journal = {Journal of Healthcare Engineering},
	pages = {1--16},
	volume = {2022},
	doi = {10.1155/2022/5819813},
	url = {https://www.hindawi.com/journals/jhe/2022/5819813/},
	langid = {en}
}
